@article{ramanathan2002brief,
  title={A brief overview of ad hoc networks: challenges and directions},
  author={Ramanathan, Ram and Redi, Jason},
  journal={IEEE communications Magazine},
  volume={40},
  number={5},
  pages={20--22},
  year={2002},
  publisher={IEEE}
}

@ARTICLE{toor2008,
  author={Toor, Yasser and Muhlethaler, Paul and Laouiti, Anis and La Fortelle, Arnaud De},
  journal={IEEE Communications Surveys \& Tutorials}, 
  title={Vehicle Ad Hoc networks: applications and related technical issues}, 
  year={2008},
  volume={10},
  number={3},
  pages={74-88},
  doi={10.1109/COMST.2008.4625806}
}
